<?xml version="1.0" encoding="UTF-8"?>
  <record xmlns="http://www.loc.gov/MARC21/slim" type="Authority">
    <leader>00000nz  a2200000nc 4500</leader>
    <controlfield tag="001">118541900</controlfield>
    <controlfield tag="003">DE-101</controlfield>
    <controlfield tag="005">20211203083758.0</controlfield>
    <controlfield tag="008">880701n||azznnaabn           | aaa    |c</controlfield>
    <datafield tag="024" ind1="7" ind2=" ">
      <subfield code="a">118541900</subfield>
      <subfield code="0">http://d-nb.info/gnd/118541900</subfield>
      <subfield code="2">gnd</subfield>
    </datafield>
    <datafield tag="024" ind1="7" ind2=" ">
      <subfield code="a">0000 0004 5004 102X</subfield>
      <subfield code="2">isni</subfield>
    </datafield>
    <datafield tag="024" ind1="7" ind2=" ">
      <subfield code="a">108675755</subfield>
      <subfield code="2">viaf</subfield>
    </datafield>
    <datafield tag="024" ind1="7" ind2=" ">
      <subfield code="a">Q44011</subfield>
      <subfield code="2">wikidata</subfield>
    </datafield>
    <datafield tag="035" ind1=" " ind2=" ">
      <subfield code="a">(DE-101)118541900</subfield>
    </datafield>
    <datafield tag="035" ind1=" " ind2=" ">
      <subfield code="a">(DE-588)118541900</subfield>
    </datafield>
    <datafield tag="035" ind1=" " ind2=" ">
      <subfield code="z">(DE-588)1089927401</subfield>
    </datafield>
    <datafield tag="035" ind1=" " ind2=" ">
      <subfield code="z">(DE-588)1089118015</subfield>
    </datafield>
    <datafield tag="035" ind1=" " ind2=" ">
      <subfield code="z">(DE-588)1026331625</subfield>
    </datafield>
    <datafield tag="035" ind1=" " ind2=" ">
      <subfield code="z">(DE-588a)118541900</subfield>
      <subfield code="9">v:zg</subfield>
    </datafield>
    <datafield tag="035" ind1=" " ind2=" ">
      <subfield code="z">(DE-588a)185877192</subfield>
    </datafield>
    <datafield tag="035" ind1=" " ind2=" ">
      <subfield code="z">(DE-588a)174040970</subfield>
    </datafield>
    <datafield tag="035" ind1=" " ind2=" ">
      <subfield code="z">(DE-588a)128054298</subfield>
    </datafield>
    <datafield tag="035" ind1=" " ind2=" ">
      <subfield code="z">(DE-588c)4021947-1</subfield>
      <subfield code="9">v:zg</subfield>
    </datafield>
    <datafield tag="040" ind1=" " ind2=" ">
      <subfield code="a">DE-101</subfield>
      <subfield code="c">DE-101</subfield>
      <subfield code="9">r:DE-101</subfield>
      <subfield code="b">ger</subfield>
      <subfield code="d">1140</subfield>
    </datafield>
    <datafield tag="042" ind1=" " ind2=" ">
      <subfield code="a">gnd1</subfield>
    </datafield>
    <datafield tag="043" ind1=" " ind2=" ">
      <subfield code="c">XS</subfield>
      <subfield code="c">XU</subfield>
      <subfield code="c">XA-GR</subfield>
    </datafield>
    <datafield tag="065" ind1=" " ind2=" ">
      <subfield code="a">3.6p</subfield>
      <subfield code="2">sswd</subfield>
    </datafield>
    <datafield tag="065" ind1=" " ind2=" ">
      <subfield code="a">4.7p</subfield>
      <subfield code="2">sswd</subfield>
    </datafield>
    <datafield tag="065" ind1=" " ind2=" ">
      <subfield code="a">12.2p</subfield>
      <subfield code="2">sswd</subfield>
    </datafield>
    <datafield tag="075" ind1=" " ind2=" ">
      <subfield code="b">p</subfield>
      <subfield code="2">gndgen</subfield>
    </datafield>
    <datafield tag="075" ind1=" " ind2=" ">
      <subfield code="b">piz</subfield>
      <subfield code="2">gndspec</subfield>
    </datafield>
    <datafield tag="079" ind1=" " ind2=" ">
      <subfield code="a">g</subfield>
      <subfield code="q">a</subfield>
      <subfield code="q">f</subfield>
      <subfield code="q">p</subfield>
      <subfield code="q">s</subfield>
      <subfield code="u">v</subfield>
      <subfield code="u">w</subfield>
      <subfield code="u">o</subfield>
    </datafield>
    <datafield tag="100" ind1="0" ind2=" ">
      <subfield code="a">Gregorius</subfield>
      <subfield code="c">Nazianzenus</subfield>
      <subfield code="d">329-390</subfield>
    </datafield>
    <datafield tag="375" ind1=" " ind2=" ">
      <subfield code="a">1</subfield>
      <subfield code="2">iso5218</subfield>
    </datafield>
    <datafield tag="377" ind1=" " ind2="7">
      <subfield code="a">grc</subfield>
      <subfield code="2">iso639-2b</subfield>
    </datafield>
    <datafield tag="400" ind1="0" ind2=" ">
      <subfield code="a">Gregorios</subfield>
      <subfield code="c">von Nazianz</subfield>
      <subfield code="d">329-390</subfield>
      <subfield code="9">v:LThK</subfield>
    </datafield>
    <datafield tag="400" ind1="0" ind2=" ">
      <subfield code="a">Grēgorios</subfield>
      <subfield code="c">ho Nazianzēnos</subfield>
      <subfield code="d">329-390</subfield>
      <subfield code="9">v:OPAC Athen</subfield>
    </datafield>
    <datafield tag="400" ind1="0" ind2=" ">
      <subfield code="a">Grēgorios</subfield>
      <subfield code="c">tēs Nazianzu</subfield>
      <subfield code="d">329-390</subfield>
    </datafield>
    <datafield tag="400" ind1="0" ind2=" ">
      <subfield code="a">Grigorie</subfield>
      <subfield code="c">Teologul</subfield>
      <subfield code="d">329-390</subfield>
    </datafield>
    <datafield tag="400" ind1="0" ind2=" ">
      <subfield code="a">Gregorios</subfield>
      <subfield code="c">Nazianzenos</subfield>
      <subfield code="d">329-390</subfield>
    </datafield>
    <datafield tag="400" ind1="0" ind2=" ">
      <subfield code="a">Gregorios</subfield>
      <subfield code="c">von Kappadokien</subfield>
      <subfield code="d">329-390</subfield>
    </datafield>
    <datafield tag="400" ind1="0" ind2=" ">
      <subfield code="a">Grēgorios</subfield>
      <subfield code="c">ho Theologos</subfield>
      <subfield code="d">329-390</subfield>
    </datafield>
    <datafield tag="400" ind1="0" ind2=" ">
      <subfield code="a">Gregorius</subfield>
      <subfield code="c">Aristotelicus</subfield>
      <subfield code="d">329-390</subfield>
    </datafield>
    <datafield tag="400" ind1="0" ind2=" ">
      <subfield code="a">Gregorius</subfield>
      <subfield code="c">Astrologus</subfield>
      <subfield code="d">329-390</subfield>
    </datafield>
    <datafield tag="400" ind1="0" ind2=" ">
      <subfield code="a">Gregorius</subfield>
      <subfield code="c">Biographus</subfield>
      <subfield code="d">329-390</subfield>
    </datafield>
    <datafield tag="400" ind1="0" ind2=" ">
      <subfield code="a">Gregorius</subfield>
      <subfield code="c">Nazanzenus</subfield>
      <subfield code="d">329-390</subfield>
    </datafield>
    <datafield tag="400" ind1="0" ind2=" ">
      <subfield code="a">Gregorius</subfield>
      <subfield code="c">Constantinopolitanus</subfield>
      <subfield code="d">329-390</subfield>
    </datafield>
    <datafield tag="400" ind1="0" ind2=" ">
      <subfield code="a">Gregorius</subfield>
      <subfield code="c">Episcopus Nazianzeni</subfield>
      <subfield code="d">329-390</subfield>
    </datafield>
    <datafield tag="400" ind1="0" ind2=" ">
      <subfield code="a">Gregorius</subfield>
      <subfield code="c">Epistolographus</subfield>
      <subfield code="d">329-390</subfield>
    </datafield>
    <datafield tag="400" ind1="0" ind2=" ">
      <subfield code="a">Gregorius</subfield>
      <subfield code="c">Exegeta</subfield>
      <subfield code="d">329-390</subfield>
    </datafield>
    <datafield tag="400" ind1="0" ind2=" ">
      <subfield code="a">Gregorius</subfield>
      <subfield code="c">Historicus</subfield>
      <subfield code="d">329-390</subfield>
    </datafield>
    <datafield tag="400" ind1="0" ind2=" ">
      <subfield code="a">Gregorius</subfield>
      <subfield code="c">Liturgicus</subfield>
      <subfield code="d">329-390</subfield>
    </datafield>
    <datafield tag="400" ind1="0" ind2=" ">
      <subfield code="a">Gregorius</subfield>
      <subfield code="c">of Constantinople</subfield>
      <subfield code="d">329-390</subfield>
    </datafield>
    <datafield tag="400" ind1="0" ind2=" ">
      <subfield code="a">Gregorius</subfield>
      <subfield code="c">Patriarcha</subfield>
      <subfield code="d">329-390</subfield>
    </datafield>
    <datafield tag="400" ind1="0" ind2=" ">
      <subfield code="a">Gregorius</subfield>
      <subfield code="c">Scriptor Ecclesiasticus</subfield>
      <subfield code="d">329-390</subfield>
    </datafield>
    <datafield tag="400" ind1="0" ind2=" ">
      <subfield code="a">Gregorius</subfield>
      <subfield code="c">von Nazianz</subfield>
      <subfield code="d">329-390</subfield>
    </datafield>
    <datafield tag="400" ind1="0" ind2=" ">
      <subfield code="a">Gregorius von Nazianz</subfield>
      <subfield code="d">329-390</subfield>
      <subfield code="9">v:(VD-16)</subfield>
    </datafield>
    <datafield tag="400" ind1="0" ind2=" ">
      <subfield code="a">Gregorius Nassiansenus</subfield>
      <subfield code="d">329-390</subfield>
    </datafield>
    <datafield tag="400" ind1="0" ind2=" ">
      <subfield code="a">Gregor</subfield>
      <subfield code="c">der Theologe</subfield>
      <subfield code="d">329-390</subfield>
    </datafield>
    <datafield tag="400" ind1="0" ind2=" ">
      <subfield code="a">Gregor</subfield>
      <subfield code="c">Nazianzenus</subfield>
      <subfield code="d">329-390</subfield>
    </datafield>
    <datafield tag="400" ind1="0" ind2=" ">
      <subfield code="a">Gregorio</subfield>
      <subfield code="c">de Nacianzo</subfield>
      <subfield code="d">329-390</subfield>
    </datafield>
    <datafield tag="400" ind1="0" ind2=" ">
      <subfield code="a">Gregorio</subfield>
      <subfield code="c">San</subfield>
      <subfield code="d">329-390</subfield>
    </datafield>
    <datafield tag="400" ind1="0" ind2=" ">
      <subfield code="a">Gregorio</subfield>
      <subfield code="c">il Teologo</subfield>
      <subfield code="d">329-390</subfield>
    </datafield>
    <datafield tag="400" ind1="0" ind2=" ">
      <subfield code="a">Gregorio</subfield>
      <subfield code="c">Teologo</subfield>
      <subfield code="d">329-390</subfield>
    </datafield>
    <datafield tag="400" ind1="0" ind2=" ">
      <subfield code="a">Gregoris</subfield>
      <subfield code="c">Nazianzeno</subfield>
      <subfield code="d">329-390</subfield>
    </datafield>
    <datafield tag="400" ind1="0" ind2=" ">
      <subfield code="a">Gregory</subfield>
      <subfield code="c">of Nazianzum</subfield>
      <subfield code="d">329-390</subfield>
    </datafield>
    <datafield tag="400" ind1="0" ind2=" ">
      <subfield code="a">Gregory</subfield>
      <subfield code="c">of Nazianzus</subfield>
      <subfield code="d">329-390</subfield>
    </datafield>
    <datafield tag="400" ind1="0" ind2=" ">
      <subfield code="a">Gregory</subfield>
      <subfield code="c">of Nasianus</subfield>
      <subfield code="d">329-390</subfield>
    </datafield>
    <datafield tag="400" ind1="0" ind2=" ">
      <subfield code="a">Grigol</subfield>
      <subfield code="c">Nazianzeli</subfield>
      <subfield code="d">329-390</subfield>
    </datafield>
    <datafield tag="400" ind1="0" ind2=" ">
      <subfield code="a">Grigor</subfield>
      <subfield code="c">Nyowsac'i</subfield>
      <subfield code="d">329-390</subfield>
    </datafield>
    <datafield tag="400" ind1="0" ind2=" ">
      <subfield code="a">Grigorius</subfield>
      <subfield code="c">Narekensis</subfield>
      <subfield code="d">329-390</subfield>
    </datafield>
    <datafield tag="400" ind1="0" ind2=" ">
      <subfield code="a">Grigorii</subfield>
      <subfield code="c">Bogoslov</subfield>
      <subfield code="d">329-390</subfield>
    </datafield>
    <datafield tag="400" ind1="0" ind2=" ">
      <subfield code="a">Grigorij</subfield>
      <subfield code="c">Bogoslov</subfield>
      <subfield code="d">329-390</subfield>
    </datafield>
    <datafield tag="400" ind1="0" ind2=" ">
      <subfield code="a">Grigorij</subfield>
      <subfield code="c">Nazianzen</subfield>
      <subfield code="d">329-390</subfield>
    </datafield>
    <datafield tag="400" ind1="0" ind2=" ">
      <subfield code="a">Grégoire</subfield>
      <subfield code="c">Saint</subfield>
      <subfield code="d">329-390</subfield>
    </datafield>
    <datafield tag="400" ind1="0" ind2=" ">
      <subfield code="a">Gregoire</subfield>
      <subfield code="c">De Nazianze</subfield>
      <subfield code="d">329-390</subfield>
    </datafield>
    <datafield tag="400" ind1="0" ind2=" ">
      <subfield code="a">Pseudo-Gregorius</subfield>
      <subfield code="c">Nazianzenus</subfield>
      <subfield code="d">329-390</subfield>
    </datafield>
    <datafield tag="400" ind1="0" ind2=" ">
      <subfield code="a">Grego. Nazian.</subfield>
      <subfield code="d">329-390</subfield>
    </datafield>
    <datafield tag="400" ind1="1" ind2=" ">
      <subfield code="a">Nazianz, Gregorius &#152;von&#156;</subfield>
      <subfield code="d">329-390</subfield>
    </datafield>
    <datafield tag="400" ind1="1" ind2=" ">
      <subfield code="a">Nazianze, Grégoire &#152;de&#156;</subfield>
      <subfield code="d">329-390</subfield>
    </datafield>
    <datafield tag="400" ind1="1" ind2=" ">
      <subfield code="a">Nazianzen, Grigorii</subfield>
      <subfield code="d">329-390</subfield>
    </datafield>
    <datafield tag="400" ind1="1" ind2=" ">
      <subfield code="a">Nazianzeno, Gregorio</subfield>
      <subfield code="d">329-390</subfield>
    </datafield>
    <datafield tag="400" ind1="1" ind2=" ">
      <subfield code="a">Nazianzēnos, Grēgorios</subfield>
      <subfield code="d">329-390</subfield>
    </datafield>
    <datafield tag="400" ind1="1" ind2=" ">
      <subfield code="a">Nazianzenus, Gregorius</subfield>
      <subfield code="d">329-390</subfield>
    </datafield>
    <datafield tag="400" ind1="1" ind2=" ">
      <subfield code="a">Nazianzin, Grigorij</subfield>
      <subfield code="d">329-390</subfield>
    </datafield>
    <datafield tag="400" ind1="0" ind2=" ">
      <subfield code="a">Gregor</subfield>
      <subfield code="c">von Nazianz</subfield>
      <subfield code="d">329-390</subfield>
      <subfield code="9">v:R:RAK-ÖB</subfield>
    </datafield>
    <datafield tag="400" ind1="0" ind2=" ">
      <subfield code="a">Grzegorz</subfield>
      <subfield code="c">z Nazjanzu</subfield>
      <subfield code="d">329-390</subfield>
    </datafield>
    <datafield tag="400" ind1="0" ind2=" ">
      <subfield code="a">Grēgorios</subfield>
      <subfield code="c">Nazianzēnos</subfield>
      <subfield code="d">329-390</subfield>
    </datafield>
    <datafield tag="400" ind1="0" ind2=" ">
      <subfield code="a">Gregorius</subfield>
      <subfield code="c">Theologus</subfield>
      <subfield code="d">329-390</subfield>
    </datafield>
    <datafield tag="400" ind1="0" ind2=" ">
      <subfield code="a">Gregorius</subfield>
      <subfield code="c">Orator</subfield>
      <subfield code="d">329-390</subfield>
    </datafield>
    <datafield tag="400" ind1="0" ind2=" ">
      <subfield code="a">Gregorius</subfield>
      <subfield code="c">Poeta</subfield>
      <subfield code="d">329-390</subfield>
    </datafield>
    <datafield tag="400" ind1="0" ind2=" ">
      <subfield code="a">Gregorius</subfield>
      <subfield code="c">Sanctus</subfield>
      <subfield code="d">329-390</subfield>
    </datafield>
    <datafield tag="400" ind1="0" ind2=" ">
      <subfield code="a">Gregorio</subfield>
      <subfield code="c">Nazianzeno</subfield>
      <subfield code="d">329-390</subfield>
    </datafield>
    <datafield tag="400" ind1="0" ind2=" ">
      <subfield code="a">Gregorio</subfield>
      <subfield code="c">di Nazianzo</subfield>
      <subfield code="d">329-390</subfield>
    </datafield>
    <datafield tag="400" ind1="0" ind2=" ">
      <subfield code="a">Gregory</subfield>
      <subfield code="c">Nazianzen</subfield>
      <subfield code="d">329-390</subfield>
    </datafield>
    <datafield tag="400" ind1="0" ind2=" ">
      <subfield code="a">Grégoire</subfield>
      <subfield code="c">de Nazianze</subfield>
      <subfield code="d">329-390</subfield>
    </datafield>
    <datafield tag="400" ind1="1" ind2=" ">
      <subfield code="a">Nazianz, Gregor &#152;von&#156;</subfield>
      <subfield code="d">329-390</subfield>
    </datafield>
    <datafield tag="400" ind1="1" ind2=" ">
      <subfield code="a">Nazianzus, Gregory</subfield>
      <subfield code="d">329-390</subfield>
    </datafield>
    <datafield tag="400" ind1="0" ind2=" ">
      <subfield code="a">Gregory</subfield>
      <subfield code="c">of Nazianzus, Saint</subfield>
      <subfield code="d">329-390</subfield>
    </datafield>
    <datafield tag="400" ind1="1" ind2=" ">
      <subfield code="a">Gregory, of Nazianzus, Saint</subfield>
      <subfield code="d">329-390</subfield>
    </datafield>
    <datafield tag="400" ind1="0" ind2=" ">
      <subfield code="9">U:Cyrl</subfield>
      <subfield code="9">L:rus</subfield>
      <subfield code="a">Григорий</subfield>
      <subfield code="c">Богослов</subfield>
      <subfield code="d">329-390</subfield>
    </datafield>
    <datafield tag="400" ind1="0" ind2=" ">
      <subfield code="9">U:Cyrl</subfield>
      <subfield code="a">Грыгорый</subfield>
      <subfield code="c">Багаслоў</subfield>
      <subfield code="d">329-390</subfield>
    </datafield>
    <datafield tag="400" ind1="0" ind2=" ">
      <subfield code="9">U:Grek</subfield>
      <subfield code="a">Γρηγόριος</subfield>
      <subfield code="c">ο Ναζιανζηνός</subfield>
      <subfield code="d">329-390</subfield>
    </datafield>
    <datafield tag="500" ind1="0" ind2=" ">
      <subfield code="0">(DE-101)118675249</subfield>
      <subfield code="0">(DE-588)118675249</subfield>
      <subfield code="0">https://d-nb.info/gnd/118675249</subfield>
      <subfield code="a">Caesarius</subfield>
      <subfield code="c">Nazianzenus</subfield>
      <subfield code="d">-368</subfield>
      <subfield code="4">bezf</subfield>
      <subfield code="4">https://d-nb.info/standards/elementset/gnd#familialRelationship</subfield>
      <subfield code="w">r</subfield>
      <subfield code="i">Beziehung familiaer</subfield>
      <subfield code="e">Beziehung familiaer</subfield>
      <subfield code="9">v:Bruder</subfield>
    </datafield>
    <datafield tag="500" ind1="1" ind2=" ">
      <subfield code="0">(DE-101)119808064</subfield>
      <subfield code="0">(DE-588)119808064</subfield>
      <subfield code="0">https://d-nb.info/gnd/119808064</subfield>
      <subfield code="a">Roillet, Claude</subfield>
      <subfield code="4">beza</subfield>
      <subfield code="4">https://d-nb.info/standards/elementset/gnd#acquaintanceshipOrFriendship</subfield>
      <subfield code="w">r</subfield>
      <subfield code="i">Bekanntschaft</subfield>
      <subfield code="e">Bekanntschaft</subfield>
      <subfield code="9">v:VD-16 Mitverf.</subfield>
    </datafield>
    <datafield tag="500" ind1="1" ind2=" ">
      <subfield code="0">(DE-101)116118547</subfield>
      <subfield code="0">(DE-588)116118547</subfield>
      <subfield code="0">https://d-nb.info/gnd/116118547</subfield>
      <subfield code="a">Caselius, Johannes</subfield>
      <subfield code="d">1533-1613</subfield>
      <subfield code="4">beza</subfield>
      <subfield code="4">https://d-nb.info/standards/elementset/gnd#acquaintanceshipOrFriendship</subfield>
      <subfield code="w">r</subfield>
      <subfield code="i">Bekanntschaft</subfield>
      <subfield code="e">Bekanntschaft</subfield>
      <subfield code="9">v:VD-16 Mitverf.</subfield>
    </datafield>
    <datafield tag="500" ind1="1" ind2=" ">
      <subfield code="a">Mai, Lukas</subfield>
      <subfield code="4">beza</subfield>
      <subfield code="4">https://d-nb.info/standards/elementset/gnd#acquaintanceshipOrFriendship</subfield>
      <subfield code="w">r</subfield>
      <subfield code="i">Bekanntschaft</subfield>
      <subfield code="e">Bekanntschaft</subfield>
      <subfield code="9">v:Römhild; VD-16 Mitverf.</subfield>
    </datafield>
    <datafield tag="500" ind1="0" ind2=" ">
      <subfield code="a">Gregorius</subfield>
      <subfield code="c">von Nyssa</subfield>
      <subfield code="4">beza</subfield>
      <subfield code="4">https://d-nb.info/standards/elementset/gnd#acquaintanceshipOrFriendship</subfield>
      <subfield code="w">r</subfield>
      <subfield code="i">Bekanntschaft</subfield>
      <subfield code="e">Bekanntschaft</subfield>
      <subfield code="9">v:VD-16 Mitverf.</subfield>
    </datafield>
    <datafield tag="500" ind1="1" ind2=" ">
      <subfield code="0">(DE-101)1089628099</subfield>
      <subfield code="0">(DE-588)1089628099</subfield>
      <subfield code="0">https://d-nb.info/gnd/1089628099</subfield>
      <subfield code="a">Tilmannus, Godefridus</subfield>
      <subfield code="d">-1561</subfield>
      <subfield code="4">beza</subfield>
      <subfield code="4">https://d-nb.info/standards/elementset/gnd#acquaintanceshipOrFriendship</subfield>
      <subfield code="w">r</subfield>
      <subfield code="i">Bekanntschaft</subfield>
      <subfield code="e">Bekanntschaft</subfield>
      <subfield code="9">v:VD-16 Mitverf.</subfield>
    </datafield>
    <datafield tag="500" ind1="1" ind2=" ">
      <subfield code="0">(DE-101)100199399</subfield>
      <subfield code="0">(DE-588)100199399</subfield>
      <subfield code="0">https://d-nb.info/gnd/100199399</subfield>
      <subfield code="a">Maffei, Raffaele</subfield>
      <subfield code="d">1451-1522</subfield>
      <subfield code="4">beza</subfield>
      <subfield code="4">https://d-nb.info/standards/elementset/gnd#acquaintanceshipOrFriendship</subfield>
      <subfield code="w">r</subfield>
      <subfield code="i">Bekanntschaft</subfield>
      <subfield code="e">Bekanntschaft</subfield>
      <subfield code="9">v:VD-16 Mitverf.</subfield>
    </datafield>
    <datafield tag="500" ind1="1" ind2=" ">
      <subfield code="0">(DE-101)100706460</subfield>
      <subfield code="0">(DE-588)100706460</subfield>
      <subfield code="0">https://d-nb.info/gnd/100706460</subfield>
      <subfield code="a">Wolf, Hieronymus</subfield>
      <subfield code="d">1516-1580</subfield>
      <subfield code="4">beza</subfield>
      <subfield code="4">https://d-nb.info/standards/elementset/gnd#acquaintanceshipOrFriendship</subfield>
      <subfield code="w">r</subfield>
      <subfield code="i">Bekanntschaft</subfield>
      <subfield code="e">Bekanntschaft</subfield>
      <subfield code="9">v:VD-16 Mitverf.</subfield>
    </datafield>
    <datafield tag="500" ind1="1" ind2=" ">
      <subfield code="a">Psellus, Michael</subfield>
      <subfield code="4">beza</subfield>
      <subfield code="4">https://d-nb.info/standards/elementset/gnd#acquaintanceshipOrFriendship</subfield>
      <subfield code="w">r</subfield>
      <subfield code="i">Bekanntschaft</subfield>
      <subfield code="e">Bekanntschaft</subfield>
      <subfield code="9">v:VD-16 Mitverf.</subfield>
    </datafield>
    <datafield tag="500" ind1="0" ind2=" ">
      <subfield code="0">(DE-101)118504843</subfield>
      <subfield code="0">(DE-588)118504843</subfield>
      <subfield code="0">https://d-nb.info/gnd/118504843</subfield>
      <subfield code="a">Athanasius</subfield>
      <subfield code="c">Alexandrinus, Heiliger</subfield>
      <subfield code="d">295-373</subfield>
      <subfield code="4">beza</subfield>
      <subfield code="4">https://d-nb.info/standards/elementset/gnd#acquaintanceshipOrFriendship</subfield>
      <subfield code="w">r</subfield>
      <subfield code="i">Bekanntschaft</subfield>
      <subfield code="e">Bekanntschaft</subfield>
      <subfield code="9">v:VD-16 Mitverf.</subfield>
    </datafield>
    <datafield tag="500" ind1="1" ind2=" ">
      <subfield code="0">(DE-101)118705695</subfield>
      <subfield code="0">(DE-588)118705695</subfield>
      <subfield code="0">https://d-nb.info/gnd/118705695</subfield>
      <subfield code="a">Hoeschel, David</subfield>
      <subfield code="d">1556-1617</subfield>
      <subfield code="4">beza</subfield>
      <subfield code="4">https://d-nb.info/standards/elementset/gnd#acquaintanceshipOrFriendship</subfield>
      <subfield code="w">r</subfield>
      <subfield code="i">Bekanntschaft</subfield>
      <subfield code="e">Bekanntschaft</subfield>
      <subfield code="9">v:VD-16 Mitverf.</subfield>
    </datafield>
    <datafield tag="548" ind1=" " ind2=" ">
      <subfield code="a">329-390</subfield>
      <subfield code="4">datl</subfield>
      <subfield code="4">https://d-nb.info/standards/elementset/gnd#dateOfBirthAndDeath</subfield>
      <subfield code="w">r</subfield>
      <subfield code="i">Lebensdaten</subfield>
      <subfield code="9">v:Geburts- und Todesjahr ca.</subfield>
    </datafield>
    <datafield tag="548" ind1=" " ind2=" ">
      <subfield code="a">03-</subfield>
      <subfield code="4">datu</subfield>
      <subfield code="4">https://d-nb.info/standards/elementset/gnd#udkCode</subfield>
      <subfield code="w">r</subfield>
      <subfield code="i">UDK</subfield>
    </datafield>
    <datafield tag="667" ind1=" " ind2=" ">
      <subfield code="a">12</subfield>
    </datafield>
    <datafield tag="667" ind1=" " ind2=" ">
      <subfield code="a">7</subfield>
    </datafield>
    <datafield tag="667" ind1=" " ind2=" ">
      <subfield code="a">12-PAN</subfield>
    </datafield>
    <datafield tag="667" ind1=" " ind2=" ">
      <subfield code="a">VD-17</subfield>
    </datafield>
    <datafield tag="667" ind1=" " ind2=" ">
      <subfield code="a">VD-16</subfield>
    </datafield>
    <datafield tag="667" ind1=" " ind2=" ">
      <subfield code="a">TITAN; Maschinell verknuepft mit DBL-Retro-Titeldaten</subfield>
    </datafield>
    <datafield tag="667" ind1=" " ind2=" ">
      <subfield code="a">Quelle: DNB-Normdaten (Info DNB: (Geburts- und Todesjahr ca.) 301 - 400 (UDK-Zeitcode 03) Land Griechenland (Altertum) (XS); Byzantinisches Reich (XU) Sprache(n) Griechisch (grc) Weitere Angaben Griech. Kirchenlehrer, seit 372 Bischof von Sasima, nach 374 vorübergehend Administrator des Bistums Nazianz)</subfield>
    </datafield>
    <datafield tag="670" ind1=" " ind2=" ">
      <subfield code="a">PAN ; LoC-NA</subfield>
    </datafield>
    <datafield tag="670" ind1=" " ind2=" ">
      <subfield code="a">GND (LCAuth)</subfield>
    </datafield>
    <datafield tag="670" ind1=" " ind2=" ">
      <subfield code="a">LCAuth</subfield>
    </datafield>
    <datafield tag="672" ind1=" " ind2="0">
      <subfield code="a">DIVI GREgorii Nazanzeni ePISCOPI THEOLOGI GRAECA quaedam &amp; sancta Carmina. Cum Latina ... 1561. (VD16 G 3090)</subfield>
    </datafield>
    <datafield tag="672" ind1=" " ind2="0">
      <subfield code="a">D.GREGORII COGNOME NTO Theologi, episcopi Nazanzeni opera, è graeco sermone in latinum ... 1530. (VD16 G 3020)</subfield>
    </datafield>
    <datafield tag="672" ind1=" " ind2="0">
      <subfield code="a">Ad virginem admonitorius. 1521. (VD16 G 3030)</subfield>
    </datafield>
    <datafield tag="672" ind1=" " ind2="0">
      <subfield code="a">DIVI GREGORII NAZIANZENI: Poematum quaedam selectiora: Seorsim edita in vsum Graecae linguae ... 1582. (VD16 ZV 19062)</subfield>
    </datafield>
    <datafield tag="672" ind1=" " ind2="0">
      <subfield code="a">De luminibus, quod est de secundis epiphaniis. 1521. (VD16 G 3038)</subfield>
    </datafield>
    <datafield tag="672" ind1=" " ind2="0">
      <subfield code="a">In dictum Matthaei, cum consummasset Jesus sermones hos etc. cap. XIX. 1519. (VD16 G 3052)</subfield>
    </datafield>
    <datafield tag="672" ind1=" " ind2="0">
      <subfield code="a">DIVI Gregorij TheoLOGI, EPISCOPI NAzanzeni, Sententiarũ spriritualium libelli tres, ... 1550. (VD16 G 3088)</subfield>
    </datafield>
    <datafield tag="672" ind1=" " ind2="0">
      <subfield code="a">BEATI GREGORII NAzanzeni de officio Episcopi Oratio. Bilibaldo Pirckeymhero ... 1529. (VD16 G 3073)</subfield>
    </datafield>
    <datafield tag="672" ind1=" " ind2="0">
      <subfield code="a">S. GREGORII NAZIANZENI DEFINITIONES RERVM SIMPLICES: GRAECE NVNC PRIMVM EX Augustana ... 1591. (VD16 ZV 7007)</subfield>
    </datafield>
    <datafield tag="672" ind1=" " ind2="0">
      <subfield code="a">Basilius Magnus: Homilia sive concio in sanctam Christi nativitatem. 1575. (VD16 ZV 1099)</subfield>
    </datafield>
    <datafield tag="678" ind1=" " ind2=" ">
      <subfield code="b">Griech. Kirchenlehrer, seit 372 Bischof von Sasima, nach 374 vorübergehend Administrator des Bistums Nazianz</subfield>
    </datafield>
    <datafield tag="700" ind1="0" ind2="4">
      <subfield code="9">U:Grek</subfield>
      <subfield code="a">Γρηγόριος</subfield>
      <subfield code="c">ο Ναζιανζηνός</subfield>
      <subfield code="d">329-390</subfield>
    </datafield>
    <datafield tag="913" ind1=" " ind2=" ">
      <subfield code="S">pnd</subfield>
      <subfield code="i">5</subfield>
      <subfield code="a">Gregorius &lt;Nazianzenus&gt;</subfield>
      <subfield code="0">(DE-588a)118541900</subfield>
    </datafield>
  </record>
